@book{knuth:aocp:1997,
	author = {Knuth, Donald E.},
	title = {The art of computer programming, volume 1 (3rd ed.): fundamental algorithms},
	year = {1997},
	isbn = {0201896834},
	publisher = {Addison Wesley Longman Publishing Co., Inc.},
	address = {USA}
}

@article{dijkstra:goto:1968,
	title={Go To Statement Considered Harmful},
	author={Dijkstra, Edsger W},
	journal={Communications of the ACM},
	volume={11},
	number={3},
	pages={147--148},
	year={1968},
	publisher={ACM New York, NY, USA}
}

@article{al-fuqaha:et-al:2015,
	title={Internet of things: A survey on enabling technologies, protocols, and applications},
	author={Al-Fuqaha, Ala and Guizani, Mohsen and Mohammadi, Mehdi and Aledhari, Mohammed and Ayyash, Moussa},
	journal={IEEE communications surveys \& tutorials},
	volume={17},
	number={4},
	pages={2347--2376},
	doi={10.1109/COMST.2015.2444095},
	year={2015},
	publisher={IEEE}
}

